<?xml version="1.0" encoding="UTF-8"?><collection xmlns="http://www.loc.gov/MARC21/slim"><record><leader>00379nam--2200145-i-4500</leader><controlfield tag="001">000002280</controlfield><controlfield tag="002">20161230</controlfield><controlfield tag="005">20161230201024</controlfield><controlfield tag="008">060222s1000------------r-----000-0-eng-d</controlfield><datafield ind1=" " ind2=" " tag="080"><subfield code="a">531:530.145.6</subfield></datafield><datafield ind1=" " ind2=" " tag="100"><subfield code="a">Finkelstein, Robert J</subfield></datafield><datafield ind1=" " ind2=" " tag="245"><subfield code="a">Nonrelativistic mechanics</subfield></datafield><datafield ind1=" " ind2=" " tag="260"><subfield code="a">Reading, Mass., 1973. Xvi + 394 P</subfield></datafield><datafield ind1=" " ind2=" " tag="490"><subfield code="a">Modern Physics Monograph Series</subfield></datafield><datafield ind1=" " ind2=" " tag="852"><subfield code="a">41297</subfield></datafield></record></collection>